@PhdThesis{Fac08,
  author = 	 {{Martin Fach}},
  title = 	 {{Navigation und Regelung eines Luftschiffes mittels optischer, inertialer und GPS Sensoren}},
  school = 	 {{Institut für Flugmechanik und Flugregelung, University of Stuttgart}},
  year = 	 {{2008}}
}

@MastersThesis{Sik08,
  author = 	 {{Vedran Sikiric}},
  title = 	 {{Control of Quadrocopter}},
  school = 	 {{Royal Institute of Technology Sweden, School of Computer Science and Communication}},
  year = 	 {{2008}},
}

@Book{GarKae08,
  author = 	 {{Gary Bradski and Adrian Kaehler}},
  title = 	 {{Learning OpenCV}},
  publisher = 	 {{O'Reilly}},
  year = 	 {2008},
  edition = 	 {{First Edition}}
}

@Misc{OpenCV2_0,
  title = 	 {OpenCV 2.0 C Reference},
  howpublished = {{http://opencv.willowgarage.com/}},
  year = 	 {2010},
  annote = 	 {September}
}

@Misc{EsmSna08,
  author = 	 {{Rachely Esman and Yoad Snapir}},
  title = 	 {OpenCV and MEX-Files Quick Guide},
  OPThowpublished = {{http://www.mathworks.cn/matlabcentral/fx_files/21818/1/OpenCV_And_MEX_Files_quick_guide.pdf}},
  year = 	 {2010},
  annote = 	 {September}
}

@misc {Mat10,
	title={{Model Based Design, The MathWorks, Inc.}},
	howpublished={{http://www.mathworks.co.uk/model-based-design/}},
	month={September},
	year={2010}
}

@misc {HSE10,
	title={{Hochschule Esslingen University of Applied Sciences}},
	howpublished={http://www.hs-esslingen.de},
	month={September},
	year={2010}
}

@article{EasLamTur09,
  author = {{Douglas Eastman, Paul Lambrechts and Arkadiy Turevskiy}},
  journal = {{The MathWorks, Inc.}},
  title = {{Design and Verification of Motion Control Algorithms Using Simulation}},
  year = {{2009}},
}

@article{Boe88,
  author = {{Barry Boehm}},
  journal = {{IEEE Computer}},
  number = {{5}},
  pages = {{pp.61-72}},
  title = {{A Spiral Model of Software Development and Enhancement}},
  volume = {{21}},
  year = {{1988}},
}

@Book{Pre01,
  author = 	 {{Roger R. Pressman}},
  title = 	 {{Software Engineering, A Practitioner's Approach}},
  publisher = 	 {{McGraw-Hill, Inc.}},
  year = 	 {2001},
  edition = 	 {Fifth Edition}
}

@Article{Lue71,
  author = 	 {{David G. Luenberger}},
  title = 	 {{An Introduction to Observers}},
  journal = 	 {{IEEE TRANSACTIONS ON AUTOMATIC CONTROL, VOL. AC-16, NO. 6}},
  year = 	 {1971},
  month = {{December}}
}

@Book{DorBis01,
  author = 	 {{Richard C. Dorf, Robert H. Bishop}},
  title = 	 {{Modern Control Systems}},
  publisher = 	 {{Prendice-Hall, Inc.}},
  year = 	 {2001},
  edition = 	 {Ninth Edition}
}

@TechReport{BloWeiScaSie10,
  author = 	 {{Michael Bloesch, Stephan Weiss, Davide Scaramuzza and Roland Siegwart}},
  title = 	 {{Vision Based MAV Navigation in Unknown and Unstructured Environments}},
  institution =  {{Autonomous Systems Lab, ETH Zuerich}},
  year = 	 {2010}
}

@Article{Can86,
  author = 	 {{John Canny}},
  title = 	 {{A Computational Approach to Edge Detection}},
  journal = 	 {{IEEE TRANSACTIONS ON PATTERN ANALYSIS AND MACHINE INTELLIGENCE, VOL. PAMI-8, NO. 6}},
  year = 	 {1986},
  month = {{November}}
}

@TechReport{WilKleRei07,
  author = 	 {{Brian Williams, Georg Klein and Ian Reid}},
  title = 	 {{Real-Time SLAM Relocalisation}},
  institution =  {{Department of Engineering Science, University of Oxford}},
  year = 	 {2007}
}

@TechReport{HorSch80,
  author = 	 {{Berthold K. P. Horn and Brian G. Schunck}},
  title = 	 {{Determining Optical Flow}},
  institution =  {{Massachusetts Institute of Technology, Artificial Intelligence Laboratory}},
  year = 	 {1980}
}

@article{DouPeu73,
    author = {Douglas, David H. and Peucker, Thomas K.},
    journal = {Cartographica: The International Journal for Geographic Information and Geovisualization},
    month = {October},
    pages = {112--122},
    title = {ALGORITHMS FOR THE REDUCTION OF THE NUMBER OF POINTS REQUIRED TO REPRESENT A DIGITIZED LINE OR ITS CARICATURE},
    year = {1973}
}

@Article{LucKan81,
  author = 	 {{Bruce D. Lucas, Takeo Kanade}},
  title = 	 {An Iterative Image Registration Technique with an Application to Stereo Vision},
  journal = 	 {{Proceedings of Imaging Understanding Workshop}},
  year = 	 {1981},
  pages = 	 {p.p.121-130},
}

@phdthesis{Luc84,
   author = {{Bruce D. Lucas}},
   title = {{Generalized Image Matching by the Method of Differences}},
   school = {{Robotics Institute, Carnegie Mellon University}},
   month = {{July}},
   year = {{1984}},
}

@Article{AltOstMah02,
  author = 	 {{Erdinc Altug, James P. Ostrowski, Robert Mahony}},
  title = 	 {{Control of a Quadrotor Helicopter Using Visual Feedback}},
  journal = 	 {{IEEE International Conference of Robotics and Automation, Washington, DC }},
  year = 	 {2002},
  OPTmonth = {{December}}
}

@TechReport{BeyChrFlo09,
  author = 	 {{Antoine Beyeler, Jean-Christophe Zufferey, Dario Floreano}},
  title = 	 {{optiPilot: control of take-off and landing using optic flow}},
  institution =  {{Laboratory of Intelligent Systems, École Polytechnique Fédérale de Lausanne (EPFL)}},
  year = 	 {2009}
}

@TechReport{StoBaiHayMil09,
  author = 	 {{John Stowers, Andrew Bainbridge-Smith, Michael Hayes and Steven Mills}},
  title = 	 {{Optical Flow for Heading Estimation of a Quadrotor Helicopter}},
  institution =  {{University of Canterbury, New Zealand}},
  year = 	 {2009}
}

@Article{LanSuePro08,
  author = 	 {{Sven Lange, Niko Sünderhauf, and Peter Protzel}},
  title = 	 {{Autonomous Landing for a Multirotor UAV Using Vision}},
  journal = 	 {{Intl. Conf. on SIMULATION, MODELING and PROGRAMMING for AUTONOMOUS ROBOTS, Venice, Italy}},
  year = 	 {2008},
  month = {{November}}
}

@TechReport{LanSuePro09,
  author = 	 {{Sven Lange, Niko Sünderhauf, Peter Protzel}},
  title = 	 {{A Vision Based Onboard Approach for Landing and Position Control of an Autonomous Multirotor UAV in GPS-Denied Environments}},
  institution =  {{Department of Electrical Engineering and Information Technology, Chemnitz University of Technology}},
  year = 	 {2009}
}

@Article{AltOstTay03,
  author = 	 {{Erdinc¸ Altug, James P. Ostrowski, Camillo J. Taylor}},
  title = 	 {{Quadrotor Control Using Dual Camera Visual Feedback}},
  journal = 	 {{IEEE International Conference on Robotics and Automation, Taipei, Taiwan}},
  year = 	 {2003},
  OPTmonth = {{September}}
}

@TechReport{MicMelLinKum10,
  author = 	 {{Nathan Michael, Daniel Mellinger, Quentin Lindsey and Vijay Kumar}},
  title = 	 {{The GRASP Multiple Micro UAV Testbed}},
  institution =  {{GRASP Laboratory, University of Pennsylvania}},
  year = 	 {2010}
}

@Article{MelMicKum10,
  author = 	 {{Daniel Mellinger, Nathan Michael and Vijay Kumar}},
  title = 	 {{Trajectory Generation and Control for Precise Aggressive Maneuvers with Quadrotors}},
  journal = 	 {{International Symposium on Experimental Robotics, Delhi, India}},
  year = 	 {2010},
  month = {{December}}
}

@Article{GurStuAchDotHirRus07,
  author = 	 {{Daniel Gurdan, Jan Stumpf, Michael Achtelik, Klaus-Michael Doth, Gerd Hirzinger, Daniela Rus}},
  title = 	 {{Energy-efficient Autonomous Four-rotor Flying Robot Controlled at 1 kHz}},
  journal = 	 {{IEEE International Conference of Robotics and Automation, Roma, Italy }},
  year = 	 {2007},
  month = {{April}}
}

@TechReport{EckDreGer09,
  author = 	 {{Juergen Eckert, Falko Dressler and Reinhard German}},
  title = 	 {{An Indoor Localization Framework for Four-rotor Flying Robots Using Low-power Sensor Nodes}},
  institution =  {{University of Erlangen Dept. of Computer Science}},
  year = 	 {2009},
  month = 	 {February}
}

@TechReport{EttNecIfjWas04,
  author = 	 {{Scott M. Ettinger, Michael C. Nechyba, Peter G. Ifju and Martin Waszak}},
  title = 	 {{Vision-Guided Flight Stability and Control for Micro Air Vehicles}},
  institution =  {{Intel Corporation, University of Florida, NASA Langley Research Center}},
  year = 	 {2004},
  month = 	 {March}
}

@TechReport{BulHeiEst02,
  author = 	 {{Nirupama Bulusu, John Heidemann and Deborah Estrin}},
  title = 	 {{GPS-less Low Cost Outdoor Localization For Very Small Devices}},
  institution =  {{University of Southern California / Information Sciences Institute}},
  year = 	 {2002}
}

@Misc{ST05_1,
  author = 	 {{ST Microelectronics}},
  title = 	 {{MEMS Inertial Sensor LIS3LV02DQ Rev 1 Datasheet}},
  month = 	 {{October}},
  year = 	 {2005}
}

@TechReport{GrzGriBur09,
  author = 	 {{Slawomir Grzonka, Giorgio Grisetti, Wolfram Burgard}},
  title = 	 {{Towards a Navigation System for Autonomous Indoor Flying}},
  institution =  {{Autonomous Systems Lab, Department of Computer Science, University of Freiburg}},
  year = 	 {2009}
}

@TechReport{WenMasZel10,
  author = 	 {{Karl E. Wenzel, Andreas Masselli and Andreas Zell}},
  title = 	 {{Automatic Take Off, Tracking and Landing of a Miniature UAV on a Moving Carrier Vehicle}},
  institution =  {{Department of Computer Science, University of Tuebingen}},
  year = 	 {2010}
}

@TechReport{BluHolLinMolSurViaTre08,
  author = 	 {{Sebastian Blumenthal, Dirk Holz, Thorsten Linder, Peter Molitor, Hartmut Surmann and Viatcheslav Tretyakov}},
  title = 	 {{Teleoperated Visual Inspection and Surveillance with Unmanned Ground and Aerial Vehicles}},
  institution =  {{Department of Computer Science, University of Applied Sciences Bonn-Rhein-Sieg}, 
  {Fraunhofer Institute for Intelligent Analysis and Information Systems (IAIS)}},
  year = 	 {2008}
}

@TechReport{BourMurSie04,
  author = 	 {{Samir Bouabdalla, Pierpaolo Murrieri, Roland Siegwart}},
  title = 	 {{Design and Control of an Indoor Micro Quadrotor}},
  institution =  {{Autonomous Systems Laboratory Swiss Federal Institute of Technology, University of Pisa}},
  year = 	 {2004}
}

@PhdThesis{Bou07,
  author = 	 {{Samir Bouabdallah}},
  title = 	 {{Design and Control of Quadrotors with Application to Autonomous Flying}},
  school = 	 {{École Polytechnique Fédérale de Lausanne (EPFL)}},
  year = 	 {2007}
}

@Article{CasLozAle05,
  author = 	 {{Pedro Castillo, Rogelio Lozano and Alejandro Dzul}},
  title = 	 {{Stabilization of a Mini Rotorcraft with Four Rotors}},
  journal = 	 {{IEEE Control Systems Magazine}},
  year = 	 {2005},
  month = {{December}}
}

@MastersThesis{Tip08,
  author = 	 {{Beau J. Tippetts}},
  title = 	 {{Real-Time Implementation of Vision Algorithms For Control, Stabilization, and Target Tracking, for a Hovering Micro-UAV}},
  school = 	 {{Department of Electrical and Computer Engineering, Brigham Young University}},
  year = 	 {2008},
  month = {{August}}
}

@MastersThesis{Bre08,
  author = 	 {{Tommaso Bresciani}},
  title = 	 {{Modelling, Identification and Control of a Quadrotor Helicopter}},
  school = 	 {{Department of Automatic Control, Lund University}},
  year = 	 {2008},
  month = {{October}}
}
