@manual{AT91LED,
author ={ATMEL},
title ={User Guide - AT91RM9200-EK Evaluation Board},
note={Page 25},
year ={2006},
}


@manual{TFTPWIKI,
author ={Wikipedia},
title     ={Trivial File Transfer Protocol},
note   ={\url{http://en.wikipedia.org/wiki/Trivial_File_Transfer_Protocol}, {Date: 20.05.2014}},
}


