@PhdThesis{Fac08,
  author = 	 {{Martin Fach}},
  title = 	 {{Navigation und Lahgelung eines Luftschiffes mittels optischer, inertialer und GPS Sensoren}},
  school = 	 {{Institut für Flugmechanik und Flugregelung, University of Stuttgart}},
  year = 	 {{2008}},
	language = {{German}}
}

@MastersThesis{Sik08,
  author = 	 {{Vedran Sikiric}},
  title = 	 {{Control of Quadrocopter}},
  school = 	 {{Royal Institute of Technology Sweden, School of Computer Science and Communication}},
  year = 	 {{2008}},
	language = {English}
}

@Misc{Tra10,
  author = 	 {{Anton Tratkovski}},
  title = 	 {{Prototypische Realisierung und Test einer optischer Flusserkennung auf Basis der OpenCV-Bibliothek}},
  school = 	 {{Faculty of Information Technology, University of Applied Sciences Esslingen}},
  year = 	 {{2010}},
	language = {German}
}

@MastersThesis{Ter10,
  author = 	 {{Nawarat Termtanasombat}},
  title = 	 {{Development of Hardware-in-the-Loop Facility for Optical Navigation with
							 the Study of Insect Inspired Algorithm for Spacecraft Landing}},
  school = 	 {{Department of Space Science, Lulea University of Technology}},
  year = 	 {{2010}},
	language = {English}
}

@MastersThesis{Ahr08,
  author = 	 {{Spencer Greg Ahrens}},
  title = 	 {{Vision-Based Guidance and Control of a Hovering Vehicle in Unknown Environments}},
  school = 	 {{Department of Mechanical Engineering, Massachusetts Institute of Technology}},
  year = 	 {{2008}},
	language = {English}
}

@article{EasLamTur09,
  author = {{Douglas Eastman, Paul Lambrechts and Arkadiy Turevskiy}},
  journal = {{The MathWorks, Inc.}},
  title = {{Design and Verification of Motion Control Algorithms Using Simulation}},
  year = {{2009}},
	language = {English}
}

@article{Boe88,
  author = {{Barry Boehm}},
  journal = {{IEEE Computer}},
  number = {{5}},
  pages = {{pp.61-72}},
  title = {{A Spiral Model of Software Development and Enhancement}},
  volume = {{21}},
  year = {{1988}},
	language = {English}
}


@Article{Lue71,
  author = 	 {{David G. Luenberger}},
  title = 	 {{An Introduction to Observers}},
  journal = 	 {{IEEE TRANSACTIONS ON AUTOMATIC CONTROL, VOL. AC-16, NO. 6}},
  year = 	 {1971},
  month = {{December}},
	language = {English}
}



@TechReport{BloWeiScaSie10,
  author = 	 {{Michael Bloesch, Stephan Weiss, Davide Scaramuzza and Roland Siegwart}},
  title = 	 {{Vision Based MAV Navigation in Unknown and Unstructured Environments}},
  institution =  {{Autonomous Systems Lab, ETH Zuerich}},
  year = 	 {2010},
	language = {English}
}

@Article{Can86,
  author = 	 {{John Canny}},
  title = 	 {{A Computational Approach to Edge Detection}},
  journal = 	 {{IEEE TRANSACTIONS ON PATTERN ANALYSIS AND MACHINE INTELLIGENCE, VOL. PAMI-8, NO. 6}},
  year = 	 {1986},
  month = {{November}},
	language = {English}
}

@TechReport{WilKleRei07,
  author = 	 {{Brian Williams, Georg Klein and Ian Reid}},
  title = 	 {{Real-Time SLAM Relocalisation}},
  institution =  {{Department of Engineering Science, University of Oxford}},
  year = 	 {2007},
	language = {English}
}

@TechReport{AudBurRicWel01,
  author = 	 {{Audsley N. C., Burns A., Richardson M. F., Wellings A. J.}},
  title = 	 {{HARD REAL-TIME SCHEDULING: THE DEADLINE-MONOTONIC APPROACH}},
  institution =  {{Department of Computer Science, University of York}},
  year = 	 {2001},
	language = {English}

}

@TechReport{HorSch80,
  author = 	 {{Berthold K. P. Horn and Brian G. Schunck}},
  title = 	 {{Determining Optical Flow}},
  institution =  {{Massachusetts Institute of Technology, Artificial Intelligence Laboratory}},
  year = 	 {1980},
	language = {English}
}

@article{DouPeu73,
    author = {Douglas, David H. and Peucker, Thomas K.},
    journal = {Cartographica: The International Journal for Geographic Information and Geovisualization},
    month = {October},
    pages = {112--122},
    title = {ALGORITHMS FOR THE REDUCTION OF THE NUMBER OF POINTS REQUIRED TO REPRESENT A DIGITIZED LINE OR ITS CARICATURE},
    year = {1973},
	language = {English}
}

@Article{LucKan81,
  author = 	 {{Bruce D. Lucas, Takeo Kanade}},
  title = 	 {An Iterative Image Registration Technique with an Application to Stereo Vision},
  journal = 	 {{Proceedings of Imaging Understanding Workshop}},
  year = 	 {1981},
  pages = 	 {pp.121-130},
	language = {English}
}

@phdthesis{Luc84,
   author = {{Bruce D. Lucas}},
   title = {{Generalized Image Matching by the Method of Differences}},
   school = {{Robotics Institute, Carnegie Mellon University}},
   month = {{July}},
   year = {{1984}},
	language = {English}
}

@Article{AltOstMah02,
  author = 	 {{Erdinc Altug, James P. Ostrowski, Robert Mahony}},
  title = 	 {{Control of a Quadrotor Helicopter Using Visual Feedback}},
  journal = 	 {{IEEE International Conference of Robotics and Automation, Washington, DC }},
  year = 	 {2002},
  OPTmonth = {{December}},
	language = {English}
}

@TechReport{BeyChrFlo09,
  author = 	 {{Antoine Beyeler, Jean-Christophe Zufferey, Dario Floreano}},
  title = 	 {{optiPilot: control of take-off and landing using optic flow}},
  institution =  {{Laboratory of Intelligent Systems, École Polytechnique Fédérale de Lausanne (EPFL)}},
  year = 	 {2009},
	language = {English}
}

@TechReport{StoBaiHayMil09,
  author = 	 {{John Stowers, Andrew Bainbridge-Smith, Michael Hayes and Steven Mills}},
  title = 	 {{Optical Flow for Heading Estimation of a Quadrotor Helicopter}},
  institution =  {{University of Canterbury, New Zealand}},
  year = 	 {2009},
	language = {English}
}

@Article{LanSuePro08,
  author = 	 {{Sven Lange, Niko Sünderhauf, and Peter Protzel}},
  title = 	 {{Autonomous Landing for a Multirotor UAV Using Vision}},
  journal = 	 {{Intl. Conf. on SIMULATION, MODELING and PROGRAMMING for AUTONOMOUS ROBOTS, Venice, Italy}},
  year = 	 {2008},
  month = {{November}},
	language = {English}
}

@TechReport{LanSuePro09,
  author = 	 {{Sven Lange, Niko Sünderhauf, Peter Protzel}},
  title = 	 {{A Vision Based Onboard Approach for Landing and Position Control of an Autonomous Multirotor UAV in GPS-Denied Environments}},
  institution =  {{Department of Electrical Engineering and Information Technology, Chemnitz University of Technology}},
  year = 	 {2009},
	language = {English}
}

@Article{AltOstTay03,
  author = 	 {{Erdinc¸ Altug, James P. Ostrowski, Camillo J. Taylor}},
  title = 	 {{Quadrotor Control Using Dual Camera Visual Feedback}},
  journal = 	 {{IEEE International Conference on Robotics and Automation, Taipei, Taiwan}},
  year = 	 {2003},
  OPTmonth = {{September}},
	language = {English}
}

@TechReport{MicMelLinKum10,
  author = 	 {{Nathan Michael, Daniel Mellinger, Quentin Lindsey and Vijay Kumar}},
  title = 	 {{The GRASP Multiple Micro UAV Testbed}},
  institution =  {{GRASP Laboratory, University of Pennsylvania}},
  year = 	 {2010},
	language = {English}
}

@Article{MelMicKum10,
  author = 	 {{Daniel Mellinger, Nathan Michael and Vijay Kumar}},
  title = 	 {{Trajectory Generation and Control for Precise Aggressive Maneuvers with Quadrotors}},
  journal = 	 {{International Symposium on Experimental Robotics, Delhi, India}},
  year = 	 {2010},
  month = {{December}},
	language = {English}
}

@Article{GurStuAchDotHirRus07,
  author = 	 {{Daniel Gurdan, Jan Stumpf, Michael Achtelik, Klaus-Michael Doth, Gerd Hirzinger, Daniela Rus}},
  title = 	 {{Energy-efficient Autonomous Four-rotor Flying Robot Controlled at 1 kHz}},
  journal = 	 {{IEEE International Conference of Robotics and Automation, Roma, Italy }},
  year = 	 {2007},
  month = {{April}},
	language = {English}
}

@TechReport{EckDreGer09,
  author = 	 {{Juergen Eckert, Falko Dressler and Reinhard German}},
  title = 	 {{An Indoor Localization Framework for Four-rotor Flying Robots Using Low-power Sensor Nodes}},
  institution =  {{University of Erlangen Dept. of Computer Science}},
  year = 	 {2009},
  month = 	 {February},
	language = {English}
}

@TechReport{EttNecIfjWas04,
  author = 	 {{Scott M. Ettinger, Michael C. Nechyba, Peter G. Ifju and Martin Waszak}},
  title = 	 {{Vision-Guided Flight Stability and Control for Micro Air Vehicles}},
  institution =  {{Intel Corporation, University of Florida, NASA Langley Research Center}},
  year = 	 {2004},
  month = 	 {March},
	language = {English}
}

@TechReport{BulHeiEst02,
  author = 	 {{Nirupama Bulusu, John Heidemann and Deborah Estrin}},
  title = 	 {{GPS-less Low Cost Outdoor Localization For Very Small Devices}},
  institution =  {{University of Southern California / Information Sciences Institute}},
  year = 	 {2002},
	language = {English}
}

@Misc{ST05_1,
  author = 	 {{ST Microelectronics}},
  title = 	 {{MEMS Inertial Sensor LIS3LV02DQ Rev 1 Datasheet}},
  month = 	 {{October}},
  year = 	 {2005},
	language = {English}
}

@TechReport{GrzGriBur09,
  author = 	 {{Slawomir Grzonka, Giorgio Grisetti, Wolfram Burgard}},
  title = 	 {{Towards a Navigation System for Autonomous Indoor Flying}},
  institution =  {{Autonomous Systems Lab, Department of Computer Science, University of Freiburg}},
  year = 	 {2009},
	language = {English}
}

@TechReport{WenMasZel10,
  author = 	 {{Karl E. Wenzel, Andreas Masselli and Andreas Zell}},
  title = 	 {{Automatic Take Off, Tracking and Landing of a Miniature UAV on a Moving Carrier Vehicle}},
  institution =  {{Department of Computer Science, University of Tuebingen}},
  year = 	 {2010},
	language = {English}
}

@TechReport{BluHolLinMolSurViaTre08,
  author = 	 {{Sebastian Blumenthal, Dirk Holz, Thorsten Linder, Peter Molitor, Hartmut Surmann and Viatcheslav Tretyakov}},
  title = 	 {{Teleoperated Visual Inspection and Surveillance with Unmanned Ground and Aerial Vehicles}},
  institution =  {{Department of Computer Science, University of Applied Sciences Bonn-Rhein-Sieg}, 
  {Fraunhofer Institute for Intelligent Analysis and Information Systems (IAIS)}},
  year = 	 {2008},
	language = {English}
}

@TechReport{BourMurSie04,
  author = 	 {{Samir Bouabdalla, Pierpaolo Murrieri, Roland Siegwart}},
  title = 	 {{Design and Control of an Indoor Micro Quadrotor}},
  institution =  {{Autonomous Systems Laboratory Swiss Federal Institute of Technology, University of Pisa}},
  year = 	 {2004},
	language = {English}
}

@PhdThesis{Bou07,
  author = 	 {{Samir Bouabdallah}},
  title = 	 {{Design and Control of Quadrotors with Application to Autonomous Flying}},
  school = 	 {{École Polytechnique Fédérale de Lausanne (EPFL)}},
  year = 	 {2007},
	language = {English}
}

@Article{CasLozAle05,
  author = 	 {{Pedro Castillo, Rogelio Lozano and Alejandro Dzul}},
  title = 	 {{Stabilization of a Mini Rotorcraft with Four Rotors}},
  journal = 	 {{IEEE Control Systems Magazine}},
  year = 	 {2005},
  month = {{December}},
	language = {English}
}

@MastersThesis{Tip08,
  author = 	 {{Beau J. Tippetts}},
  title = 	 {{Real-Time Implementation of Vision Algorithms For Control, Stabilization, and Target Tracking, for a Hovering Micro-UAV}},
  school = 	 {{Department of Electrical and Computer Engineering, Brigham Young University}},
  year = 	 {2008},
  month = {{August}},
	language = {English}
}

@MastersThesis{Bre08,
  author = 	 {{Tommaso Bresciani}},
  title = 	 {{Modelling, Identification and Control of a Quadrotor Helicopter}},
  school = 	 {{Department of Automatic Control, Lund University}},
  year = 	 {2008},
  month = {{October}},
	language = {English}
}


@TechReport{BarFleBea94,
  author = 	 {{J.L. Barron, D.J. Fleet and S.S. Beauchemin}},
  title = 	 {{Performance of Optical Flow Techniques}},
  institution =  {{Dept. of Computer Science, University of Western Ontario, Queen's University}},
  year = 	 {1994},
	language = {English}
}

@Misc{KelKulLinZim07,
  author = 	 {{Reinhard Keller, Hermann Kull, Walter Lindermeier, Werner Zimmermann}},
  title = 	 {{System Dynamics, Modelling, Simulation, Control engineering}},
  institution =  {{Faculty of Information Technology, University of Applied Sciences Esslingen}},
  month = 	 {{July}},
  year = 	 {{2007}},
  note = 	 {{VZ1.2}},
  annote = 	 {{Lecture notes "Systemtechnik 1"}},
	language = {German}
}

@Misc{Kul10,
  author = 	 {{Hermann Kull}},
  title = 	 {{Control Systems 2: Modern Control Structures and Optimisation of Control Systems}},
  institution =  {{Faculty of Information Technology, University of Applied Sciences Esslingen}},
  month = 	 {{July}},
  year = 	 {{2011}},
  note = 	 {{VZ1.2}},
  annote = 	 {{Lecture notes "Systemtechnik 2"}},
	language = {{German}}
}

@Article{TsaLen89,
  author = 	 {{Tsai R. Y. and Lenz R. K. }},
  title = 	 {{A new technique for fully autonomous and efficient 3D robotics hand-eye calibration}},
  journal = 	 {{Robotics and Automation. IEEE Transactions on Robotics and Automation, Vol. 5, No. 3, June 1989}},
  year = 	 {2005},
  month = {{December}},
	language = {English}
}

@TechReport{ZhaOst99,
  author = 	 {{Zhang H. and Ostrowsi J. P.}},
  title = 	 {{Visual Servoing with Dynamics: Control of an Unmanned Blimb}},
  institution =  {{General Robotics, Automation, Sensing, and Perception (GRASP) Laboratory; University of Pennsylvania}},
  year = 	 {1999},
	language = {English}
}

@TechReport{GriJohBai03,
  author = 	 {{Gribbon K.T., Johnston C.T. and Bailey D.G.}},
  title = 	 {{A Real-time FPGA Implementation of a Barrel Distortion Correction Algorithm with Bilinear Interpolation}},
  institution =  {{Institute of Information Sciences and Technology, Massey University, Palmerston North, New Zealand}},
  year = 	 {2003},
	language = {English}
}

@TechReport{SchSunVetWebFriSat10,
  author = 	 {{Joachim Schwab, Sreekanth Sundaresh, Nina Vetlugina, Marc Weber, Joerg Fiedrich and Dionysios Satikidis}},
  title = 	 {{Project Quadrocopter, Automotive Systems Master Software Based Automotive Systems ASM2-SB / SS 2010 Documentation}},
  institution =  {{Faculty of Information Technology, University of Applied Sciences Esslingen}},
  year = 	 {2010},
  month = 	 {June},
	language = {English}
}

@TechReport{CzeSat10,
  author = 	 {{Robert Czech and Dionysios Satikidis}},
  title = 	 {{Project Quadrocopter, Analysis and development of control algorithms}},
  institution =  {{Faculty of Information Technology, University of Applied Sciences Esslingen}},
  year = 	 {2010},
	language = {German}
}


@PhdThesis{Wei09,
  author = 	 {{Zhaoyi Wei}},
  title = 	 {{REAL-TIME OPTICAL FLOW SENSOR DESIGN AND ITS APPLICATION ON OBSTACLE DETECTION}},
  school = 	 {{Department of Electrical and Computer Engineering, Brigham Young University}},
  year = 	 {{2009}},
	language = {English}
}

@TechReport{FraIpa09,
  author = 	 {{Bernhard Kleiner}},
  title = 	 {{Kameragestuetztes inertiales Navigations-system mit Sensorfusion}},
  institution = {{Fraunhofer Institute for Manufacturing Engineering and Automation IPA}},
  year = 	 {2009},
	language = {English}
}

@Misc{SteKel09,
  author = 	 {{Steven Kelly}},
  title = 	 {{Domain-Specific Modeling 76 cases of MDD that works}},
  OPThowpublished = {{http://www.metacase.com/webinar/Domain_Specific_Modeling_76_cases_of_MDD_that_works_Nov2009.pdf}},
	institution = {{MetaCase}},
  year = 	 {2009},
	language = {English}
}

%----------------------------Books-------------------------------------------------------
@book{SteKelJuhTol08,
  author = 	 {{Steven Kelly and Juha-Pekka Tolvanen}},
  title = 	 {{Domain-Specific Modeling: Enabling Full Code Generation}},
	publisher = {{John Wiley \& Sons, Inc}},
  year = 	 {2008},
	language = {English},
	note = {{ISBN 978-0-470-03666-2}}
}

@book {Fea08,
	author={{Roy Featherstone}},
	title={{Rigid Body Dynamics Algorithms}},
	publisher={{Springer Science+Business Media, LLC}},
	year={2008},
	language={English},
	note={{ISBN 978-0-387-74314-1}}
}

@Book{DorBis01,
  author = 	 {{Richard C. Dorf, Robert H. Bishop}},
  title = 	 {{Modern Control Systems}},
  publisher = 	 {{Prendice-Hall, Inc.}},
  year = 	 {2001},
  language={English},
	edition = 	 {Ninth Edition}
}

@Book{Pre01,
  author = 	 {{Roger R. Pressman}},
  title = 	 {{Software Engineering, A Practitioner's Approach}},
  publisher = 	 {{McGraw-Hill, Inc.}},
  year = 	 {2001},
  language={English},
  edition = 	 {Fifth Edition}
}

@Book{GarKae08,
  author = 	 {{Gary Bradski and Adrian Kaehler}},
  title = 	 {{Learning OpenCV}},
  publisher = 	 {{O'Reilly}},
  year = 	 {2008},
	language={English},
  edition = 	 {{First Edition}}
}


@book {Mor07,
	author={{David Morin}},
	title={{Introduction to classical mechanics: with problems and solutions}},
	publisher={{Cambridge University Press}},
	year={2007},
	language={English},
	note={{ISBN 978-0-521-87622-3 First Published Edition 2008}}
}


@book{Rud06,
  author = 	 {{Pratap Rudra}},
  title = 	 {{Getting started with MATLAB 7 // a quick introduction for scientists and engineers}},
	publisher = {{Oxford University Press, Inc.}},
  year = 	 {2006},
	language = {English},
	note = {{ISBN 978-0-19-517937-8}}
}


%----------------------------WEB-REFERENCES----------------------------------------------

@Misc{OpenCV2_0,
  title = 	 {{OpenCV 2.0 C Reference}},
  howpublished = {{http://opencv.willowgarage.com/}},
  year = 	 {2010},
  annote = 	 {September}
}

@Misc{Wei11,
  title = 	 {{Heaviside Step Function From MathWorld--A Wolfram Web Resource.}},
	author = 	 {{Weisstein, Eric W.}},
  howpublished = {{http://mathworld.wolfram.com/HeavisideStepFunction.html }},
  year = 	 {2011},
  annote = 	 {May}
}

@Misc{EsmSna08,
  author = 	 {{Rachely Esman and Yoad Snapir}},
  title = 	 {{OpenCV and MEX-Files Quick Guide}},
  OPThowpublished = {{http://www.mathworks.cn/matlabcentral/fx_files/21818/1/OpenCV_And_MEX_Files_quick_guide.pdf}},
  year = 	 {2010},
  annote = 	 {September}
}

@misc {Mat10,
	title={{Model Based Design, The MathWorks, Inc.}},
	howpublished={{http://www.mathworks.co.uk/model-based-design/}},
	month={September},
	year={2010}
}

@misc {MathWorks11,
	title={{The MathWorks, Inc.}},
	howpublished={{http://www.mathworks.com/}},
	month={March},
	year={2011}
}

@misc {Simulink11,
	title={{Simulink, The MathWorks, Inc.}},
	howpublished={{http://www.mathworks.com/products/simulink/}},
	month={March},
	year={2011}
}


@misc {Matlab11,
	title={{Matlab, The MathWorks, Inc.}},
	howpublished={{http://www.mathworks.com/products/matlab/}},
	month={March},
	year={2011}
}

@misc {HSE10,
	title={{Hochschule Esslingen University of Applied Sciences}},
	howpublished={http://www.hs-esslingen.de},
	month={September},
	year={2010}
}

@misc {Hay11,
	author = {{Jean-Bernard Hayet}},
	title={{Exploration strategies for simultaneous localization and mapping}},
	howpublished={http://www.cimat.mx/~jbhayet/temas.php},
	month={February},
	year={2011}
}

@misc {Koh11,
	author = {{George Koharchik}},
	title={{Image Processing with OpenGL and Shaders}},
	howpublished={http://www.linuxjournal.com/content/image-processing-opengl-and-shaders},
	month={February},
	year={2011}
}

@misc {MatlabSDO11,
	author = {{Matlab, The MathWorks, Inc.}},
	title={{Simulink Design Optimization}},
	howpublished={http://www.mathworks.com/products/sl-design-optimization/index.html},
	month={April},
	year={2011}
}

%----------------------------Datasheets-------------------------------------------------------
 %LIS3LV02DQ, MEMS INERTIAL SENSOR, 3-Axis +-2g/+-6g Digital Output Low Voltage Linear Accelerometer
@Manual{LIS05,
  title = 	 {{LIS3LV02DQ Data Sheet, MEMS INERTIAL SENSOR}},
  organization = {{STMicroelectronics}},
  year = 	 {2005},
  note = 	 {http://www.st.com},
	language = {English}
}


  %ADXRS610, +-300 deg/sec Yaw Rate Gyro, Rev. 0
@Manual{ADX07,
  title = 	 {{ADXRS610 Data Sheet}},
  organization = {{Analog Devices}},
  year = 	 {2007},
  note = 	 {http://www.analog.com},
	language = {English}
}

@Manual{HCS12X07,
  title = 	 {{MC9S12XDP512 Data Sheet, HCS12X Microcontrollers, Rev. 2.17}},
  organization = {{Freescale Semiconductor}},
  year = 	 {2007},
  note = 	 {http://www.freescale.com},
	language = {English}
}

@Manual{BLCL10,
  title = 	 {{Brushless Controler BL-Ctrl V1.2}},
  organization = {{HiSystems GmbH}},
  year = 	 {2010},
  note = 	 {http://www.mikrokopter.com/ucwiki/BL-Ctrl_V1.2},
	language = {English}
}

@Manual{MIC06,
  title = 	 {{MT9V022: 1/3-Inch Wide-VGA Digital Image Sensor}},
  organization = {{Micron Technology, Inc.}},
  year = 	 {2006},
  note = 	 {http://www.micron.com},
	language = {English}
}


@Manual{XBee09,
  title = 	 {{XBee RF Modules}},
  organization = {{Digi International Inc.}},
  year = 	 {{2009}},
  note = 	 {{http://www.digi.com}},
	language = {English}
}




